<?xml version="1.0" encoding="UTF-8"?><collection xmlns="http://www.loc.gov/MARC21/slim"><record><leader>00388nam--2200145-i-4500</leader><controlfield tag="001">000010069</controlfield><controlfield tag="002">20161230</controlfield><controlfield tag="005">20161230201028</controlfield><controlfield tag="008">060222s1000------------r-----000-0-eng-d</controlfield><datafield ind1=" " ind2=" " tag="100"><subfield code="a">Hale, J</subfield></datafield><datafield ind1=" " ind2=" " tag="245"><subfield code="a">Functional differential equations</subfield></datafield><datafield ind1=" " ind2=" " tag="260"><subfield code="a">New York, Springer-verlag, 1971</subfield></datafield><datafield ind1=" " ind2=" " tag="490"><subfield code="a">Applied Mathematical Science</subfield></datafield><datafield ind1=" " ind2=" " tag="700"><subfield code="a">Fritz John, Joseph P.Lasalle /S.A</subfield></datafield><datafield ind1=" " ind2=" " tag="852"><subfield code="a">36406</subfield></datafield></record></collection>